@Article{Kumbhar_2017,
  author       = {Abhaykumar Kumbhar},
  date         = {2017-07},
  journaltitle = {Wireless Personal Communications},
  title        = {Overview of {ISM} Bands and Software-Defined Radio Experimentation},
  doi          = {10.1007/s11277-017-4696-z},
  number       = {3},
  pages        = {3743--3756},
  url          = {https://arxiv.org/pdf/1605.08309.pdf},
  urldate      = {2022-12-07},
  volume       = {97},
  publisher    = {Springer Science and Business Media {LLC}},
}

@InProceedings{Lehtimaki2018,
  author     = {Sauli Lehtimaki},
  date       = {2018},
  title      = {Understanding Advanced Bluetooth Angle Estimation Techniques for Real-Time Locationing},
  eventtitle = {Embedded World},
  publisher  = {Silicon Labs},
  url        = {https://www.silabs.com/documents/public/presentations/ew-2018-understanding-advanced-bluetooth-angle-estimation-techniques-for-real-time-locationing.pdf},
}

@InProceedings{Chen2017,
  author    = {Dongyao Chen and Kang G. Shin and Yurong Jiang and Kyu-Han Kim},
  booktitle = {Proceedings of the 13th International Conference on emerging Networking {EXperiments} and Technologies},
  date      = {2017-11},
  title     = {Locating and Tracking {BLE} Beacons with Smartphones},
  doi       = {10.1145/3143361.3143385},
  publisher = {{ACM}},
}

@InProceedings{Nasr2013,
  author = {Elhami Nasr and Tariq Shehab and Ana Vlad},
  date   = {2013},
  title  = {Tracking Systems in Construction: Applications and Comparisons},
  url    = {http://ascpro0.ascweb.org/archives/cd/2013/paper/CPGT11002013.pdf},
}

@Article{McNeff,
  author       = {Jules G. McNeff},
  date         = {March 2002},
  journaltitle = {IEEE Transactions on microwave theory and techniques},
  title        = {The Global Positioning System},
  url          = {https://d1wqtxts1xzle7.cloudfront.net/33214552/gps1-libre.pdf?1394781812=&response-content-disposition=inline; filename=The_Global_Positioning_System.pdf&Expires=1670951514&Signature=TfWOhhEIId4FQGOYdnt53jujTYtXrptuRsSo17JiA6pNDykj~o0slRBusn7eLLHue5nMMZ2E5s283~azQkxBYVQbSN42H~Xgr6uuD0A3mpvN4tBoh6cKeQb3ApEFri46ZIpm2iUWmdFX-eFCPq3VIINtXnbavTxgE2-f-VN9ngQwnPXYEaFrwm~-HIrq~fMpaht~i5IuaQ~XAUOjVrgNBaOiyYVaS7LgVwmw2ULH8Mr8hir-BVO~-Pb2OQBiUhI3PQaxSt~DwfGkT2tWlsub-SZDBiGg6BoT1YrVI4QA3zw4xhAiG2evcOUKaQ0CB4FpQuajFB4StUdfSM-PCDLNNQ__&Key-Pair-Id=APKAJLOHF5GGSLRBV4ZA},
}

@Book{Rahman2012,
  author    = {Mohammed Ziaur Rahman},
  date      = {2012-02-03},
  title     = {Global Navigation Satellite Systems: Signal, Theory and Applications},
  chapter   = {Chapter 10},
  editor    = {Shuanggen Jin},
  publisher = {InTech},
  url       = {https://pdfs.semanticscholar.org/7e43/54de28c704b061314a79a3e1d51a46c9bb92.pdf#page=254},
  urldate   = {2022-12-15},
}

@Article{Tan2022,
  author       = {Weng Chun Tan and Manjit Singh Sidhu},
  date         = {2022},
  journaltitle = {Operations Research Perspectives},
  title        = {Review of {RFID} and {IoT} integration in supply chain management},
  doi          = {10.1016/j.orp.2022.100229},
  pages        = {100229},
  volume       = {9},
  publisher    = {Elsevier {BV}},
}

@Article{Mezzanotte2021,
  author       = {Mezzanotte, Paolo and Palazzi, Valentina and Alimenti, Federico and Roselli, Luca},
  date         = {2021},
  journaltitle = {IEEE Journal of Microwaves},
  title        = {Innovative RFID Sensors for Internet of Things Applications},
  doi          = {10.1109/JMW.2020.3035020},
  number       = {1},
  pages        = {55-65},
  volume       = {1},
}

@Article{Roberts2006,
  author       = {C. M. Roberts},
  date         = {2006-02},
  journaltitle = {Computers {\&}amp$\mathsemicolon$ Security},
  title        = {Radio frequency identification ({RFID})},
  doi          = {10.1016/j.cose.2005.12.003},
  number       = {1},
  pages        = {18--26},
  volume       = {25},
  publisher    = {Elsevier {BV}},
}

@Comment{jabref-meta: databaseType:biblatex;}
